@article{brucker99,
  title={Resource-constrained project scheduling: Notation, classification, models, and methods},
  author={Brucker, Peter and Drexl, Andreas and M{\"o}hring, Rolf and Neumann, Klaus and Pesch, Erwin},
  journal={European Journal of Operational Research},
  volume={112},
  number={1},
  pages={3--41},
  year={1999},
  publisher={Elsevier}
}

@article{herroelen05,
  title={Project scheduling under uncertainty: Survey and research potentials},
  author={Herroelen, Willy and Leus, Roel},
  journal={European journal of operational research},
  volume={165},
  number={2},
  pages={289--306},
  year={2005},
  publisher={Elsevier}
}

@article{policella07,
  title={From precedence constraint posting to partial order schedules: A {CSP} approach to Robust Scheduling},
  author={Policella, Nicola and Cesta, Amedeo and Oddi, Angelo and Smith, Stephen F},
  journal={AI Communications},
  volume={20},
  number={3},
  pages={163--180},
  year={2007},
  publisher={IOS Press}
}

@article{lombardi10,
  title={Precedence Constraint Posting for the {RCPSP} with Uncertain, Bounded Durations},
  author={Lombardi, Michele and Milano, Michela},
  journal={PlanSIG2010},
  pages={93},
  year={2010},
  publisher={Citeseer}
}

@article{cesta98,
  title={Profile based algorithms to solve multiple capacitated metric scheduling problems},
  author={Cesta, Amedeo and Oddi, Angelo and Smith, Stephen F},
  booktitle={Proceedings of the},
  volume={4},
  pages={214--223},
  year={1998},
 publisher={AIPS}
}

@article{deblaere10,
  title={Reactive scheduling in the multi-mode {RCPSP}},
  author={Deblaere, Filip and Demeulemeester, Erik and Herroelen, Willy},
  journal={Computers \& Operations Research},
  volume={38},
  number={1},
  pages={63--74},
  year={2011},
  publisher={Elsevier}
}

@article{dechter91,
  title={Temporal Contraint Networks},
  author={Dechter, Rina and Meiri, Itay and Pearl, Judea},
  journal={Artificial Intelligence},
  volume={29},
  number={1},
  pages={61--95},
  year={1991},
  publisher={Elsevier}
}