@article{loughry2010design,
  title={Design and Validation of a Web-Based System for Assigning Members to Teams Using Instructor-Specified Criteria},
  author={LoughRy, Misty L},
  year={2010}
}
@article{highsmith2001agile,
  title={Agile software development: The business of innovation},
  author={Highsmith, Jim and Cockburn, Alistair},
  journal={Computer},
  volume={34},
  number={9},
  pages={120--127},
  year={2001},
  publisher={IEEE}
}
@online{cmu,
  author = {Carnegie Mellon University},
  title = {How Can I Compose Groups? - Teaching Excellence \& Educational Innovation},
  url = {http://www.cmu.edu/teaching/designteach/design/instructionalstrategies/groupprojects/compose.html}
}

@online{cstudelftnl,
author = {Computer Science department TU Delft},
  title = {Research mission of the computer science department},
  url = {http://cs.tudelft.nl/}
}