@article{loughry2010design,
  title={Design and Validation of a Web-Based System for Assigning Members to Teams Using Instructor-Specified Criteria},
  author={LoughRy, Misty L},
  year={2010}
}
@article{highsmith2001agile,
  title={Agile software development: The business of innovation},
  author={Highsmith, Jim and Cockburn, Alistair},
  journal={Computer},
  volume={34},
  number={9},
  pages={120--127},
  year={2001},
  publisher={IEEE}
}
@online{cmu,
  author = {Carnegie Mellon University},
  title = {How Can I Compose Groups? - Teaching Excellence \& Educational Innovation},
  url = {http://www.cmu.edu/teaching/designteach/design/instructionalstrategies/groupprojects/compose.html}
}
@online{cstudelftnl,
  author = {Computer Science department TU Delft},
  title = {Research mission of the computer science department},
  url = {http://cs.tudelft.nl/}
}
@online{play,
  title = {Play Framework - Build Modern \& Scalable Web Apps with Java and Scala},
  url = {http://www.playframework.com/}
}

@article{Breese1998,
 author = {Breese, John S. and Heckerman, David and Kadie, Carl},
 title = {Empirical Analysis of Predictive Algorithms for Collaborative Filtering},
 booktitle = {Proceedings of the Fourteenth Conference on Uncertainty in Artificial Intelligence},
 series = {UAI'98},
 year = {1998},
 isbn = {1-55860-555-X},
 location = {Madison, Wisconsin},
 pages = {43--52},
 numpages = {10},
 url = {http://dl.acm.org/citation.cfm?id=2074094.2074100},
 acmid = {2074100},
 publisher = {Morgan Kaufmann Publishers Inc.},
 address = {San Francisco, CA, USA}
} 

@book{Peter2007,
    author    = {Peter Brusilovsky and Eva Mill√°n},
    title     = {The Adaptive Web},
    publisher = {Springer},
    year      = {2007}
}

@online{okcupid,
	title = {Ted talk about the OKCupid match making algorithm},
	url = {http://ed.ted.com/lessons/inside-okcupid-the-math-of-online-dating-christian-rudder#review}
}

@article{estivill2002so,
  title={Why so many clustering algorithms: a position paper},
  author={Estivill-Castro, Vladimir},
  journal={ACM SIGKDD Explorations Newsletter},
  volume={4},
  number={1},
  pages={65--75},
  year={2002},
  publisher={ACM}
}
@inproceedings{cayton2008fast,
  title={Fast nearest neighbor retrieval for bregman divergences},
  author={Cayton, Lawrence},
  booktitle={Proceedings of the 25th international conference on Machine learning},
  pages={112--119},
  year={2008},
  organization={ACM}
}

@online{okcupid,
  title = {Inside OKCupid The math of online dating},
  url = {http://ed.ted.com/lessons/inside-okcupid-the-math-of-online-dating-christian-rudder#digdeeper}
}

@article{lukas07,
  author    = {Lukas Brozovsky and
               Vaclav Petricek},
  title     = {Recommender System for Online Dating Service},
  journal   = {CoRR},
  volume    = {abs/cs/0703042},
  year      = {2007},
  ee        = {http://arxiv.org/abs/cs/0703042},
  bibsource = {DBLP, http://dblp.uni-trier.de}
}